@inproceedings{raftAlg,
	author = {Ongaro, Diego and Ousterhout, John},
	title = {In Search of an Understandable Consensus Algorithm},
	booktitle = {Proceedings of the 2014 USENIX Conference on USENIX Annual Technical Conference},
	series = {USENIX ATC'14},
	year = {2014},
	isbn = {978-1-931971-10-2},
	location = {Philadelphia, PA},
	pages = {305--320},
	numpages = {16},
	acmid = {2643666},
	publisher = {USENIX Association},
	address = {Berkeley, CA, USA},
} 

% https://scholarworks.umt.edu/cgi/viewcontent.cgi?article=1191&context=tme %
@article{chainRule,
author = {Hernandez Rodriguez, Omar and Fern√°ndez, Jorge},
year = {2010},
month = {07},
pages = {321-332},
title = {A semiotic reflection on the didactics of the Chain rule},
volume = {7},
journal = {The Montana Mathematics Enthusiast},
doi = {10.54870/1551-3440.1191}
}